@Oakridge{
year = 1973,
author = Stanley Cantor,
notes = 
title = Density and Viscosity of several molten fluoride mixtures,
}